@book{chacon2014pro,
  title={Pro git},
  author={Chacon, Scott and Straub, Ben},
  year={2014},
  publisher={Apress}
}

@book{fulton2013html5,
  title={HTML5 canvas: native interactivity and animation for the web},
  author={Fulton, Steve and Fulton, Jeff},
  year={2013},
  publisher={" O'Reilly Media, Inc."}
}